%YAML 1.1
%TAG !u! tag:unity3d.com,2011:
--- !u!1 &4163312767077091148
GameObject:
  m_ObjectHideFlags: 0
  m_CorrespondingSourceObject: {fileID: 0}
  m_PrefabInstance: {fileID: 0}
  m_PrefabAsset: {fileID: 0}
  serializedVersion: 6
  m_Component:
  - component: {fileID: 4163312767077091144}
  - component: {fileID: 4163312767077091145}
  - component: {fileID: 4163312767077091150}
  - component: {fileID: 4163312767077091151}
  - component: {fileID: 4163312767077091147}
  - component: {fileID: 4163312767077091146}
  - component: {fileID: 4163312767077091156}
  - component: {fileID: 4163312767077091157}
  - component: {fileID: 4163312767077091149}
  m_Layer: 0
  m_Name: Aquarium
  m_TagString: Untagged
  m_Icon: {fileID: 0}
  m_NavMeshLayer: 0
  m_StaticEditorFlags: 0
  m_IsActive: 1
--- !u!4 &4163312767077091144
Transform:
  m_ObjectHideFlags: 0
  m_CorrespondingSourceObject: {fileID: 0}
  m_PrefabInstance: {fileID: 0}
  m_PrefabAsset: {fileID: 0}
  m_GameObject: {fileID: 4163312767077091148}
  m_LocalRotation: {x: -0, y: -0, z: -0, w: 1}
  m_LocalPosition: {x: 0, y: 0, z: 0}
  m_LocalScale: {x: 1, y: 1, z: 1}
  m_Children:
  - {fileID: 4739086046436926204}
  - {fileID: 4739086046878093307}
  m_Father: {fileID: 4739086047971443267}
  m_RootOrder: 1
  m_LocalEulerAnglesHint: {x: 0, y: 0, z: 0}
--- !u!33 &4163312767077091145
MeshFilter:
  m_ObjectHideFlags: 0
  m_CorrespondingSourceObject: {fileID: 0}
  m_PrefabInstance: {fileID: 0}
  m_PrefabAsset: {fileID: 0}
  m_GameObject: {fileID: 4163312767077091148}
  m_Mesh: {fileID: 10207, guid: 0000000000000000e000000000000000, type: 0}
--- !u!23 &4163312767077091150
MeshRenderer:
  m_ObjectHideFlags: 0
  m_CorrespondingSourceObject: {fileID: 0}
  m_PrefabInstance: {fileID: 0}
  m_PrefabAsset: {fileID: 0}
  m_GameObject: {fileID: 4163312767077091148}
  m_Enabled: 1
  m_CastShadows: 0
  m_ReceiveShadows: 0
  m_DynamicOccludee: 1
  m_MotionVectors: 1
  m_LightProbeUsage: 1
  m_ReflectionProbeUsage: 1
  m_RenderingLayerMask: 1
  m_RendererPriority: 0
  m_Materials:
  - {fileID: 2100000, guid: faca405b38cfb2744a5c8f0bf5608f27, type: 2}
  m_StaticBatchInfo:
    firstSubMesh: 0
    subMeshCount: 0
  m_StaticBatchRoot: {fileID: 0}
  m_ProbeAnchor: {fileID: 0}
  m_LightProbeVolumeOverride: {fileID: 0}
  m_ScaleInLightmap: 1
  m_ReceiveGI: 1
  m_PreserveUVs: 0
  m_IgnoreNormalsForChartDetection: 0
  m_ImportantGI: 0
  m_StitchLightmapSeams: 0
  m_SelectedEditorRenderState: 3
  m_MinimumChartSize: 4
  m_AutoUVMaxDistance: 0.5
  m_AutoUVMaxAngle: 89
  m_LightmapParameters: {fileID: 0}
  m_SortingLayerID: 0
  m_SortingLayer: 0
  m_SortingOrder: 0
--- !u!135 &4163312767077091151
SphereCollider:
  m_ObjectHideFlags: 0
  m_CorrespondingSourceObject: {fileID: 0}
  m_PrefabInstance: {fileID: 0}
  m_PrefabAsset: {fileID: 0}
  m_GameObject: {fileID: 4163312767077091148}
  m_Material: {fileID: 0}
  m_IsTrigger: 0
  m_Enabled: 1
  serializedVersion: 2
  m_Radius: 0.5
  m_Center: {x: 0, y: 0, z: 0}
--- !u!54 &4163312767077091147
Rigidbody:
  m_ObjectHideFlags: 0
  m_CorrespondingSourceObject: {fileID: 0}
  m_PrefabInstance: {fileID: 0}
  m_PrefabAsset: {fileID: 0}
  m_GameObject: {fileID: 4163312767077091148}
  serializedVersion: 2
  m_Mass: 25
  m_Drag: 0
  m_AngularDrag: 0.05
  m_UseGravity: 1
  m_IsKinematic: 0
  m_Interpolate: 0
  m_Constraints: 0
  m_CollisionDetection: 0
--- !u!114 &4163312767077091146
MonoBehaviour:
  m_ObjectHideFlags: 0
  m_CorrespondingSourceObject: {fileID: 0}
  m_PrefabInstance: {fileID: 0}
  m_PrefabAsset: {fileID: 0}
  m_GameObject: {fileID: 4163312767077091148}
  m_Enabled: 1
  m_EditorHideFlags: 0
  m_Script: {fileID: 11500000, guid: 0e1139ec0488e6a4bbe3cbc95d444c78, type: 3}
  m_Name: 
  m_EditorClassIdentifier: 
  prop: {fileID: 4739086046878093307}
  onRamp: 0
  currentStartPosition: {x: 0, y: 0, z: 0}
--- !u!82 &4163312767077091156
AudioSource:
  m_ObjectHideFlags: 0
  m_CorrespondingSourceObject: {fileID: 0}
  m_PrefabInstance: {fileID: 0}
  m_PrefabAsset: {fileID: 0}
  m_GameObject: {fileID: 4163312767077091148}
  m_Enabled: 1
  serializedVersion: 4
  OutputAudioMixerGroup: {fileID: 0}
  m_audioClip: {fileID: 0}
  m_PlayOnAwake: 0
  m_Volume: 1
  m_Pitch: 1
  Loop: 0
  Mute: 0
  Spatialize: 0
  SpatializePostEffects: 0
  Priority: 128
  DopplerLevel: 1
  MinDistance: 2
  MaxDistance: 50
  Pan2D: 0
  rolloffMode: 0
  BypassEffects: 0
  BypassListenerEffects: 0
  BypassReverbZones: 0
  rolloffCustomCurve:
    serializedVersion: 2
    m_Curve:
    - serializedVersion: 3
      time: 0
      value: 1
      inSlope: 0
      outSlope: 0
      tangentMode: 0
      weightedMode: 0
      inWeight: 0.33333334
      outWeight: 0.33333334
    - serializedVersion: 3
      time: 1
      value: 0
      inSlope: 0
      outSlope: 0
      tangentMode: 0
      weightedMode: 0
      inWeight: 0.33333334
      outWeight: 0.33333334
    m_PreInfinity: 2
    m_PostInfinity: 2
    m_RotationOrder: 4
  panLevelCustomCurve:
    serializedVersion: 2
    m_Curve:
    - serializedVersion: 3
      time: 0
      value: 1
      inSlope: 0
      outSlope: 0
      tangentMode: 0
      weightedMode: 0
      inWeight: 0.33333334
      outWeight: 0.33333334
    m_PreInfinity: 2
    m_PostInfinity: 2
    m_RotationOrder: 0
  spreadCustomCurve:
    serializedVersion: 2
    m_Curve:
    - serializedVersion: 3
      time: 0
      value: 0
      inSlope: 0
      outSlope: 0
      tangentMode: 0
      weightedMode: 0
      inWeight: 0.33333334
      outWeight: 0.33333334
    m_PreInfinity: 2
    m_PostInfinity: 2
    m_RotationOrder: 0
  reverbZoneMixCustomCurve:
    serializedVersion: 2
    m_Curve:
    - serializedVersion: 3
      time: 0
      value: 1
      inSlope: 0
      outSlope: 0
      tangentMode: 0
      weightedMode: 0
      inWeight: 0.33333334
      outWeight: 0.33333334
    m_PreInfinity: 2
    m_PostInfinity: 2
    m_RotationOrder: 0
--- !u!114 &4163312767077091157
MonoBehaviour:
  m_ObjectHideFlags: 0
  m_CorrespondingSourceObject: {fileID: 0}
  m_PrefabInstance: {fileID: 0}
  m_PrefabAsset: {fileID: 0}
  m_GameObject: {fileID: 4163312767077091148}
  m_Enabled: 0
  m_EditorHideFlags: 0
  m_Script: {fileID: 11500000, guid: e485ffd1c36d8f3469c0cfc672808fee, type: 3}
  m_Name: 
  m_EditorClassIdentifier: 
  layer:
    serializedVersion: 2
    m_Bits: 2
  partsX: 5
  partsY: 5
  preCalculate: 1
  addTorques: 1
  hideSplintersInHierarchy: 1
  useCollision: 0
  health: 0
  destroyPhysicsTime: 10
  destroyColliderWithPhysics: 1
  destroySplintersTime: 0
  breakingSound: {fileID: 8300000, guid: 5c2f5ca33485fbd42a9e7af0cf292651, type: 3}
  isBroken: 0
  splinters: []
--- !u!114 &4163312767077091149
MonoBehaviour:
  m_ObjectHideFlags: 0
  m_CorrespondingSourceObject: {fileID: 0}
  m_PrefabInstance: {fileID: 0}
  m_PrefabAsset: {fileID: 0}
  m_GameObject: {fileID: 4163312767077091148}
  m_Enabled: 1
  m_EditorHideFlags: 0
  m_Script: {fileID: 11500000, guid: ea517a80a27a653418f8d526b7625cd2, type: 3}
  m_Name: 
  m_EditorClassIdentifier: 
--- !u!1 &4739086046897270567
GameObject:
  m_ObjectHideFlags: 0
  m_CorrespondingSourceObject: {fileID: 0}
  m_PrefabInstance: {fileID: 0}
  m_PrefabAsset: {fileID: 0}
  serializedVersion: 6
  m_Component:
  - component: {fileID: 4739086046897270584}
  - component: {fileID: 4739086046897270585}
  m_Layer: 0
  m_Name: Fish1_Parent (1)
  m_TagString: Untagged
  m_Icon: {fileID: 0}
  m_NavMeshLayer: 0
  m_StaticEditorFlags: 0
  m_IsActive: 1
--- !u!4 &4739086046897270584
Transform:
  m_ObjectHideFlags: 0
  m_CorrespondingSourceObject: {fileID: 0}
  m_PrefabInstance: {fileID: 0}
  m_PrefabAsset: {fileID: 0}
  m_GameObject: {fileID: 4739086046897270567}
  m_LocalRotation: {x: -0, y: -0, z: -0, w: 1}
  m_LocalPosition: {x: 0, y: 0.485, z: 0}
  m_LocalScale: {x: 3, y: 3, z: 3}
  m_Children:
  - {fileID: 4739086048273011295}
  m_Father: {fileID: 4739086047971443267}
  m_RootOrder: 0
  m_LocalEulerAnglesHint: {x: 0, y: 0, z: 0}
--- !u!114 &4739086046897270585
MonoBehaviour:
  m_ObjectHideFlags: 0
  m_CorrespondingSourceObject: {fileID: 0}
  m_PrefabInstance: {fileID: 0}
  m_PrefabAsset: {fileID: 0}
  m_GameObject: {fileID: 4739086046897270567}
  m_Enabled: 1
  m_EditorHideFlags: 0
  m_Script: {fileID: 11500000, guid: 9d6f5ba332f65984785f6f1e23d24ddf, type: 3}
  m_Name: 
  m_EditorClassIdentifier: 
--- !u!1 &4739086047971443266
GameObject:
  m_ObjectHideFlags: 0
  m_CorrespondingSourceObject: {fileID: 0}
  m_PrefabInstance: {fileID: 0}
  m_PrefabAsset: {fileID: 0}
  serializedVersion: 6
  m_Component:
  - component: {fileID: 4739086047971443267}
  m_Layer: 0
  m_Name: AquaFishComplex
  m_TagString: Untagged
  m_Icon: {fileID: 0}
  m_NavMeshLayer: 0
  m_StaticEditorFlags: 0
  m_IsActive: 1
--- !u!4 &4739086047971443267
Transform:
  m_ObjectHideFlags: 0
  m_CorrespondingSourceObject: {fileID: 0}
  m_PrefabInstance: {fileID: 0}
  m_PrefabAsset: {fileID: 0}
  m_GameObject: {fileID: 4739086047971443266}
  m_LocalRotation: {x: 0, y: 0, z: 0, w: 1}
  m_LocalPosition: {x: 6.013, y: 3.933, z: -18.28}
  m_LocalScale: {x: 0.7, y: 0.7, z: 0.7}
  m_Children:
  - {fileID: 4739086046897270584}
  - {fileID: 4163312767077091144}
  m_Father: {fileID: 0}
  m_RootOrder: 0
  m_LocalEulerAnglesHint: {x: 0, y: 0, z: 0}
--- !u!1001 &4122175870164697651
PrefabInstance:
  m_ObjectHideFlags: 0
  serializedVersion: 2
  m_Modification:
    m_TransformParent: {fileID: 4163312767077091144}
    m_Modifications:
    - target: {fileID: 8714593628141344705, guid: 3cef7a3182f014441a383bab976495f1,
        type: 3}
      propertyPath: m_Name
      value: water
      objectReference: {fileID: 0}
    - target: {fileID: 8714593628141344705, guid: 3cef7a3182f014441a383bab976495f1,
        type: 3}
      propertyPath: m_IsActive
      value: 1
      objectReference: {fileID: 0}
    - target: {fileID: 8714593628140904655, guid: 3cef7a3182f014441a383bab976495f1,
        type: 3}
      propertyPath: m_LocalPosition.x
      value: 0
      objectReference: {fileID: 0}
    - target: {fileID: 8714593628140904655, guid: 3cef7a3182f014441a383bab976495f1,
        type: 3}
      propertyPath: m_LocalPosition.y
      value: 0
      objectReference: {fileID: 0}
    - target: {fileID: 8714593628140904655, guid: 3cef7a3182f014441a383bab976495f1,
        type: 3}
      propertyPath: m_LocalPosition.z
      value: 0
      objectReference: {fileID: 0}
    - target: {fileID: 8714593628140904655, guid: 3cef7a3182f014441a383bab976495f1,
        type: 3}
      propertyPath: m_LocalRotation.x
      value: -0
      objectReference: {fileID: 0}
    - target: {fileID: 8714593628140904655, guid: 3cef7a3182f014441a383bab976495f1,
        type: 3}
      propertyPath: m_LocalRotation.y
      value: -0
      objectReference: {fileID: 0}
    - target: {fileID: 8714593628140904655, guid: 3cef7a3182f014441a383bab976495f1,
        type: 3}
      propertyPath: m_LocalRotation.z
      value: -0
      objectReference: {fileID: 0}
    - target: {fileID: 8714593628140904655, guid: 3cef7a3182f014441a383bab976495f1,
        type: 3}
      propertyPath: m_LocalRotation.w
      value: 1
      objectReference: {fileID: 0}
    - target: {fileID: 8714593628140904655, guid: 3cef7a3182f014441a383bab976495f1,
        type: 3}
      propertyPath: m_RootOrder
      value: 0
      objectReference: {fileID: 0}
    - target: {fileID: 8714593628140904655, guid: 3cef7a3182f014441a383bab976495f1,
        type: 3}
      propertyPath: m_LocalEulerAnglesHint.x
      value: 0
      objectReference: {fileID: 0}
    - target: {fileID: 8714593628140904655, guid: 3cef7a3182f014441a383bab976495f1,
        type: 3}
      propertyPath: m_LocalEulerAnglesHint.y
      value: 0
      objectReference: {fileID: 0}
    - target: {fileID: 8714593628140904655, guid: 3cef7a3182f014441a383bab976495f1,
        type: 3}
      propertyPath: m_LocalEulerAnglesHint.z
      value: 0
      objectReference: {fileID: 0}
    - target: {fileID: 8714593628139124585, guid: 3cef7a3182f014441a383bab976495f1,
        type: 3}
      propertyPath: m_Materials.Array.data[0]
      value: 
      objectReference: {fileID: 0}
    - target: {fileID: 8714593628146660175, guid: 3cef7a3182f014441a383bab976495f1,
        type: 3}
      propertyPath: liqMat
      value: 
      objectReference: {fileID: 0}
    m_RemovedComponents: []
  m_SourcePrefab: {fileID: 100100000, guid: 3cef7a3182f014441a383bab976495f1, type: 3}
--- !u!4 &4739086046436926204 stripped
Transform:
  m_CorrespondingSourceObject: {fileID: 8714593628140904655, guid: 3cef7a3182f014441a383bab976495f1,
    type: 3}
  m_PrefabInstance: {fileID: 4122175870164697651}
  m_PrefabAsset: {fileID: 0}
--- !u!1001 &4739086046877963643
PrefabInstance:
  m_ObjectHideFlags: 0
  serializedVersion: 2
  m_Modification:
    m_TransformParent: {fileID: 4163312767077091144}
    m_Modifications:
    - target: {fileID: 100000, guid: 99998b7e0c8e06b4c8232e1ba2bdfbab, type: 3}
      propertyPath: m_Name
      value: concrete_hemisphere_barrier_pack_1_lod0
      objectReference: {fileID: 0}
    - target: {fileID: 100000, guid: 99998b7e0c8e06b4c8232e1ba2bdfbab, type: 3}
      propertyPath: m_IsActive
      value: 1
      objectReference: {fileID: 0}
    - target: {fileID: 400000, guid: 99998b7e0c8e06b4c8232e1ba2bdfbab, type: 3}
      propertyPath: m_LocalPosition.x
      value: -0
      objectReference: {fileID: 0}
    - target: {fileID: 400000, guid: 99998b7e0c8e06b4c8232e1ba2bdfbab, type: 3}
      propertyPath: m_LocalPosition.y
      value: -0.433
      objectReference: {fileID: 0}
    - target: {fileID: 400000, guid: 99998b7e0c8e06b4c8232e1ba2bdfbab, type: 3}
      propertyPath: m_LocalPosition.z
      value: 0
      objectReference: {fileID: 0}
    - target: {fileID: 400000, guid: 99998b7e0c8e06b4c8232e1ba2bdfbab, type: 3}
      propertyPath: m_LocalRotation.x
      value: 0.7071068
      objectReference: {fileID: 0}
    - target: {fileID: 400000, guid: 99998b7e0c8e06b4c8232e1ba2bdfbab, type: 3}
      propertyPath: m_LocalRotation.y
      value: 0
      objectReference: {fileID: 0}
    - target: {fileID: 400000, guid: 99998b7e0c8e06b4c8232e1ba2bdfbab, type: 3}
      propertyPath: m_LocalRotation.z
      value: 0
      objectReference: {fileID: 0}
    - target: {fileID: 400000, guid: 99998b7e0c8e06b4c8232e1ba2bdfbab, type: 3}
      propertyPath: m_LocalRotation.w
      value: 0.7071068
      objectReference: {fileID: 0}
    - target: {fileID: 400000, guid: 99998b7e0c8e06b4c8232e1ba2bdfbab, type: 3}
      propertyPath: m_RootOrder
      value: 1
      objectReference: {fileID: 0}
    - target: {fileID: 400000, guid: 99998b7e0c8e06b4c8232e1ba2bdfbab, type: 3}
      propertyPath: m_LocalEulerAnglesHint.x
      value: 90
      objectReference: {fileID: 0}
    - target: {fileID: 400000, guid: 99998b7e0c8e06b4c8232e1ba2bdfbab, type: 3}
      propertyPath: m_LocalEulerAnglesHint.y
      value: 0
      objectReference: {fileID: 0}
    - target: {fileID: 400000, guid: 99998b7e0c8e06b4c8232e1ba2bdfbab, type: 3}
      propertyPath: m_LocalEulerAnglesHint.z
      value: 0
      objectReference: {fileID: 0}
    - target: {fileID: 400000, guid: 99998b7e0c8e06b4c8232e1ba2bdfbab, type: 3}
      propertyPath: m_LocalScale.x
      value: 0.8
      objectReference: {fileID: 0}
    - target: {fileID: 400000, guid: 99998b7e0c8e06b4c8232e1ba2bdfbab, type: 3}
      propertyPath: m_LocalScale.y
      value: 0.8
      objectReference: {fileID: 0}
    - target: {fileID: 400000, guid: 99998b7e0c8e06b4c8232e1ba2bdfbab, type: 3}
      propertyPath: m_LocalScale.z
      value: 0.25
      objectReference: {fileID: 0}
    - target: {fileID: 2300000, guid: 99998b7e0c8e06b4c8232e1ba2bdfbab, type: 3}
      propertyPath: m_Materials.Array.data[0]
      value: 
      objectReference: {fileID: 2100000, guid: a0e90be52e9af5a4a9568a08903bebde, type: 2}
    - target: {fileID: 2300000, guid: 99998b7e0c8e06b4c8232e1ba2bdfbab, type: 3}
      propertyPath: m_CastShadows
      value: 0
      objectReference: {fileID: 0}
    - target: {fileID: 2300000, guid: 99998b7e0c8e06b4c8232e1ba2bdfbab, type: 3}
      propertyPath: m_LightProbeUsage
      value: 0
      objectReference: {fileID: 0}
    - target: {fileID: 2300000, guid: 99998b7e0c8e06b4c8232e1ba2bdfbab, type: 3}
      propertyPath: m_ReflectionProbeUsage
      value: 0
      objectReference: {fileID: 0}
    m_RemovedComponents: []
  m_SourcePrefab: {fileID: 100100000, guid: 99998b7e0c8e06b4c8232e1ba2bdfbab, type: 3}
--- !u!4 &4739086046878093307 stripped
Transform:
  m_CorrespondingSourceObject: {fileID: 400000, guid: 99998b7e0c8e06b4c8232e1ba2bdfbab,
    type: 3}
  m_PrefabInstance: {fileID: 4739086046877963643}
  m_PrefabAsset: {fileID: 0}
--- !u!1001 &5934508734742163658
PrefabInstance:
  m_ObjectHideFlags: 0
  serializedVersion: 2
  m_Modification:
    m_TransformParent: {fileID: 4739086046897270584}
    m_Modifications:
    - target: {fileID: 1413850897955247615, guid: c938b730efd47a64fb06b9d19bde5e90,
        type: 3}
      propertyPath: m_Name
      value: aquarium_fish_01
      objectReference: {fileID: 0}
    - target: {fileID: 1413850897679704725, guid: c938b730efd47a64fb06b9d19bde5e90,
        type: 3}
      propertyPath: m_LocalPosition.x
      value: 0
      objectReference: {fileID: 0}
    - target: {fileID: 1413850897679704725, guid: c938b730efd47a64fb06b9d19bde5e90,
        type: 3}
      propertyPath: m_LocalPosition.y
      value: 0
      objectReference: {fileID: 0}
    - target: {fileID: 1413850897679704725, guid: c938b730efd47a64fb06b9d19bde5e90,
        type: 3}
      propertyPath: m_LocalPosition.z
      value: 0
      objectReference: {fileID: 0}
    - target: {fileID: 1413850897679704725, guid: c938b730efd47a64fb06b9d19bde5e90,
        type: 3}
      propertyPath: m_LocalRotation.x
      value: 0
      objectReference: {fileID: 0}
    - target: {fileID: 1413850897679704725, guid: c938b730efd47a64fb06b9d19bde5e90,
        type: 3}
      propertyPath: m_LocalRotation.y
      value: 0
      objectReference: {fileID: 0}
    - target: {fileID: 1413850897679704725, guid: c938b730efd47a64fb06b9d19bde5e90,
        type: 3}
      propertyPath: m_LocalRotation.z
      value: 0
      objectReference: {fileID: 0}
    - target: {fileID: 1413850897679704725, guid: c938b730efd47a64fb06b9d19bde5e90,
        type: 3}
      propertyPath: m_LocalRotation.w
      value: 1
      objectReference: {fileID: 0}
    - target: {fileID: 1413850897679704725, guid: c938b730efd47a64fb06b9d19bde5e90,
        type: 3}
      propertyPath: m_RootOrder
      value: 0
      objectReference: {fileID: 0}
    - target: {fileID: 1413850897679704725, guid: c938b730efd47a64fb06b9d19bde5e90,
        type: 3}
      propertyPath: m_LocalEulerAnglesHint.x
      value: 0
      objectReference: {fileID: 0}
    - target: {fileID: 1413850897679704725, guid: c938b730efd47a64fb06b9d19bde5e90,
        type: 3}
      propertyPath: m_LocalEulerAnglesHint.y
      value: 0
      objectReference: {fileID: 0}
    - target: {fileID: 1413850897679704725, guid: c938b730efd47a64fb06b9d19bde5e90,
        type: 3}
      propertyPath: m_LocalEulerAnglesHint.z
      value: 0
      objectReference: {fileID: 0}
    - target: {fileID: 1413850898248217840, guid: c938b730efd47a64fb06b9d19bde5e90,
        type: 3}
      propertyPath: m_CastShadows
      value: 0
      objectReference: {fileID: 0}
    m_RemovedComponents: []
  m_SourcePrefab: {fileID: 100100000, guid: c938b730efd47a64fb06b9d19bde5e90, type: 3}
--- !u!4 &4739086048273011295 stripped
Transform:
  m_CorrespondingSourceObject: {fileID: 1413850897679704725, guid: c938b730efd47a64fb06b9d19bde5e90,
    type: 3}
  m_PrefabInstance: {fileID: 5934508734742163658}
  m_PrefabAsset: {fileID: 0}
